<?xml version="1.0" encoding="UTF-8"?><record xmlns="http://www.loc.gov/MARC21/slim" xmlns:cinclude="http://apache.org/cocoon/include/1.0" xmlns:zs="http://www.loc.gov/zing/srw/">
  <leader>00334nz  a2200121n  4500</leader>
  <controlfield tag="001">n  89271573 </controlfield>
  <controlfield tag="003">DLC</controlfield>
  <controlfield tag="005">19961019053135.9</controlfield>
  <controlfield tag="008">961001n| acannaab|          |n ana      </controlfield>
  <datafield tag="010" ind1=" " ind2=" ">
    <subfield code="a">n  89271573 </subfield>
  </datafield>
  <datafield tag="040" ind1=" " ind2=" ">
    <subfield code="a">DLC</subfield>
    <subfield code="c">DLC</subfield>
  </datafield>
  <datafield tag="110" ind1="2" ind2="0">
    <subfield code="a">Human Rights Task Force of Cambodia</subfield>
  </datafield>
  <datafield tag="670" ind1=" " ind2=" ">
    <subfield code="a">Fundraising, 1994:</subfield>
    <subfield code="b">t.p. (Human Rights Task Force of Cambodia)</subfield>
  </datafield>
</record>